<record><leader>00000cas a2200000 a 4500</leader><controlfield tag="001">18007866</controlfield><controlfield tag="008">880527d1928193utxumr n       0   a0eng d</controlfield><datafield ind1=" " ind2=" " tag="010"><subfield code="a">sn 88037396 </subfield></datafield><datafield ind1=" " ind2=" " tag="040"><subfield code="a">IXA</subfield><subfield code="b">eng</subfield><subfield code="c">IXA</subfield><subfield code="d">PPM</subfield><subfield code="d">OCLCQ</subfield><subfield code="d">OCLCF</subfield><subfield code="d">OCLCO</subfield></datafield><datafield ind1=" " ind2=" " tag="012"><subfield code="i">8805</subfield></datafield><datafield ind1="1" ind2=" " tag="029"><subfield code="a">AU@</subfield><subfield code="b">000025788386</subfield></datafield><datafield ind1=" " ind2=" " tag="042"><subfield code="a">msc</subfield></datafield><datafield ind1=" " ind2=" " tag="090"><subfield code="a">HV8301</subfield><subfield code="b">.E2562</subfield></datafield><datafield ind1="0" ind2=" " tag="130"><subfield code="a">Echo (Huntsville, Tex. : 1928)</subfield></datafield><datafield ind1="1" ind2="4" tag="245"><subfield code="a">The echo.</subfield></datafield><datafield ind1=" " ind2=" " tag="260"><subfield code="a">[Huntsville, TX] :</subfield><subfield code="b">Texas Prison Welfare League,</subfield><subfield code="c">1928-</subfield></datafield><datafield ind1=" " ind2=" " tag="300"><subfield code="a">v. ;</subfield><subfield code="c">34 cm.</subfield></datafield><datafield ind1=" " ind2=" " tag="310"><subfield code="a">Monthly</subfield></datafield><datafield ind1="0" ind2=" " tag="362"><subfield code="a">No. 1 (Nov. 1928)-</subfield></datafield><datafield ind1=" " ind2=" " tag="500"><subfield code="a">Title from caption.</subfield></datafield><datafield ind1=" " ind2=" " tag="530"><subfield code="a">Available on microfilm from The Center for American History, University of Texas at Austin.</subfield></datafield><datafield ind1=" " ind2=" " tag="588"><subfield code="a">Latest issue consulted: Vol. 4, no. 1 (Dec. 1931).</subfield></datafield><datafield ind1=" " ind2="0" tag="650"><subfield code="a">Prison periodicals.</subfield></datafield><datafield ind1=" " ind2="7" tag="650"><subfield code="a">Prison periodicals.</subfield><subfield code="2">fast</subfield><subfield code="0">(OCoLC)fst01077063</subfield></datafield><datafield ind1="2" ind2=" " tag="710"><subfield code="a">Texas Prison Welfare League.</subfield></datafield><datafield ind1="0" ind2="0" tag="785"><subfield code="t">Texas prison echo</subfield><subfield code="w">(DLC)sn 86090696</subfield><subfield code="w">(OCoLC)15023935</subfield></datafield><datafield ind1=" " ind2=" " tag="850"><subfield code="a">TxU</subfield></datafield></record>